% Encoding: UTF-8

@PhdThesis{Waterman2016,
  author = {Andrew Shell Waterman},
  school = {University of California, Berkeley},
  title  = {{Design of the RISC-V Instruction Set Architecture}},
  year   = {2016},
  file   = {:../PDFs/2016 Design of the RISC-V ISA.pdf:PDF},
}

@TechReport{Ryzhyk2006,
  author = {Leonid Ryzhyk},
  title  = {{The ARM Architecture}},
  year   = {2006},
  file   = {:../PDFs/2006 The ARM Architecture.pdf:PDF},
}

@TechReport{Asanovic2014,
  author = {Krste Asanović and David A. Patterson},
  title  = {{Instruction Sets Should Be Free: The Case For RISC-V}},
  year   = {2014},
  number = {UCB/EECS-2014-146},
  file   = {:../PDFs/2014 Instruction Sets Should Be Free The Case For RISC-V.pdf:PDF},
}

@Book{Furber2000,
  author = {Steve Furber},
  title  = {{ARM System-on-Chip Architecture}},
  year   = {2000},
  number = {a},
  file   = {:../PDFs/2000 ARM System-on-Chip Architecture (2nd Edition) by Steve Furber.pdf:PDF},
}

@Misc{,
  author = {{Greenwaves Technologies}},
  title  = {{Arm® Mbed™ OS Porting Manual for GAP8 }},
  url    = {https://greenwaves-technologies.com/manuals/BUILD/MBED-OS/html/index.html},
}

@Misc{,
  author = {{Amazon Web Services}},
  title  = {{Using FreeRTOS on RISC-V Microcontrollers}},
  url    = {https://www.freertos.org/Using-FreeRTOS-on-RISC-V.html},
}

@Misc{Microsoft2020,
  author = {Microsoft},
  title  = {{Windows 10 on ARM}},
  year   = {2020},
  url    = {https://docs.microsoft.com/en-us/windows/uwp/porting/apps-on-arm},
}

@Comment{jabref-meta: databaseType:bibtex;}
